% 主な国際会議
@string{acmmm  = "Proc. of ACM International Conference Multimedia"}
@string{sigir  = "Proc. of ACM SIGIR Conference on Research and Development in Information Retrieval"}
@string{iccv   = "Proc. of IEEE International Conference on Computer Vision"}
@string{cvpr   = "Proc. of IEEE Computer Vision and Pattern Recognition"}
@string{icme   = "Proc. of IEEE International Conference on Multimedia and Expo"}
@string{eccv   = "Proc. of European Conference on Computer Vision"}
@string{mir    = "Proc. of ACM SIGMM International Workshop on Multimedia Information Retrieval"}
@string{civr   = "Proc. of ACM International Conference on Image and Video Retrieval"}
@string{madima = "Proc. of ACM MM Workshop on Multimedia Assisted Dietary Management"} %MADiMa
@string{nips   = "Advances in Neural Information Processing Systems"}
@string{icpr   = "Proc. of IAPR International Conference on Pattern Recognition"}
@string{iciap  = "Proc. of IAPR International Conference on Image Analysis and Processing"}
@string{icml   = "Proc. of International Conference on Machine Learning"}
@string{mva    = "Proc. of IAPR International Conference on Machine Vision Applications(MVA)"}
% 主な論文誌
@string{cviu    = "Computer Vision and Image Understanding"}
@string{pami    = "IEEE Transactions on Pattern Analysis and Machine Intelligence"}
@string{ijcv    = "International Journal of Computer Vision"}
@string{jsai    = "人工知能学会論文誌"}
@string{ieiced  = "電子情報通信学会論文誌 D"}
@string{ieiced1 = "電子情報通信学会論文誌 D-I"}
@string{ieiced2 = "電子情報通信学会論文誌 D-II"}
@string{ieicee  = "IEICE Transactions on Information and Systems"}
@string{ipsj    = "情報処理学会論文誌"}
@string{cvim    = "情報処理学会論文誌:コンピュータビジョン・イメージメディア"}

%~~~~~~~~~~~~~~~~~~~~~~%
% hand-crafted feature %
%~~~~~~~~~~~~~~~~~~~~~~%
@inproceedings{jego10,
  author    = {Jgou, H. and Douze, M. and Schmid, C. and Perez, P.},
  title     = {Aggregating local descriptors into a compact image representation},
  booktitle = cvpr,
  year      = {2010},
}

%~~~~~~~~~%
% Library %
%~~~~~~~~~%
@inproceedings{caffe,
  author    = {Jia, Y. and Shelhamer, E. and Donahue, J. and Karayev, S. and Long, J. and Girshick, R. and Guadarrama, S. and Darrell, T.},
  title     = {Caffe: Convolutional Architecture for Fast Feature Embedding},
  booktitle = acmmm,
  year      = {2014},
}%  series = {MM '14},  url = {http://doi.acm.org/10.1145/2647868.2654889},doi = {10.1145/2647868.2654889}, acmid = {2654889}, publisher = {ACM}, address = {New York, NY, USA}, keywords = {computer vision, machine learning, neural networks, open source, parallel computation}, isbn = {978-1-4503-3063-3},location = {Orlando, Florida, USA}, numpages = {4}, pages = {675--678},
@inproceedings{chainer,
  author       = {Tokui, S. and Oono, K. and Hido, S. and Clayton, J.},
  title        = {Chainer: a Next-Generation Open Source Framework for Deep Learning},
  booktitle    = nips,
  year         = {2015},
}%url          = "http://learningsys.org/papers/LearningSys_2015_paper_33.pdf"


%~~~~~~~~~~~~~~~%
% optimizer     %
%~~~~~~~~~~~~~~~%
@article{robb51,
  author  = {Robbins, H. and Monro, S.},
  title   = {A Stochastic Approximation Method},
  journal = {The Annals of Mathematical Statistics},
  year    = {1951},
  volume  = {22},
  number  = {3},  
  pages   = {400--407},
}

%~~~~~~~~~~~~~~~%
% network model %
%~~~~~~~~~~~~~~~%
@InProceedings{alexnet,
  author    = {Krizhevsky, A. and Sutskever, I. and Hinton, A. G.}, 
  title     = {ImageNet Classification with Deep Convolutional Neural Networks}, 
  booktitle = nips,
  year      = {2012},
  pages     = {1097--1105},
}
@inproceedings{vgg16,
  author    = {Simonyan, K. and Zisserman, A},
  title     = {Very deep convolutional networks for large-scale image recognition},
  booktitle = {arXiv preprint arXiv:1409.1556},
  year      = {2014},
}
@inproceedings{resnet,
  author    = {He, K. and Zhang, X. and Ren, S. and Sun, J.},
  title     = {Deep Residual Learning for Image Recognition},
  booktitle = {arXiv preprint arXiv:1512.03385},
  year      = {2015},
}
@article{sriv14,
  author  = {Srivastava, N. and Hinton, G. and Krizhevsky, A. and Sutskever, I. and Salakhutdinov, R.},
  title   = {{Dropout}: A Simple Way to Prevent Neural Networks from Overfitting},
  journal = {Journal of Machine Learning Research},
  year    = {2014},
  volume  = {15},
  pages   = {1929--1958},
}%pages   = {1929-1958},
@inproceedings{ioff15,
  author = {Ioffe, S. and Szegedy, C.},
  title = {{Batch Normalization}: Accelerating Deep Network Training by Reducing Internal Covariate Shift.},
  booktitle = icml,
  year = {2015},
}%pages = {448-456},


%~~~~~~~~~~~~~~~~~~~~~~~~~%
% multi label recognition %
%~~~~~~~~~~~~~~~~~~~~~~~~~%


%~~~~~~~~~~~~~~~~~~~~~~~~~~~~~%
% natural language processing %
%~~~~~~~~~~~~~~~~~~~~~~~~~~~~~%
@inproceedings{miko13,
  title = {Distributed Representations of Words and Phrases and their Compositionality},
  author = {Mikolov, T. and Sutskever, I. and Chen, K. and Corrado, G. and Dean, J.},
  booktitle = nips,
  year = {2013},
}%pages = {3111--3119},
@article{kiro15,
  author    = {Kiros, R and Zhu, Y and Salakhutdinov, R and Zemel, R. S. and Torralba, A. and Urtasun, R and Fidler, S},
  title     = {{Skip-Thought Vectors}},
  journal   = {{CoRR}},
  volume    = {abs/1506.06726},
  year      = {2015},
} %  url       = {http://arxiv.org/abs/1506.06726},timestamp = {Wed, 01 Jul 2015 15:10:24 +0200},biburl    = {http://dblp.uni-trier.de/rec/bib/journals/corr/KirosZSZTUF15},bibsource = {dblp computer science bibliography, http://dblp.org}


%~~~~~~~~~~~~~~~~~~%
% object detection %
%~~~~~~~~~~~~~~~~~~%
@inproceedings{girs14,
  Author    = {Girshick, R. and Donahue, J. and Darrell, T. and Malik, J.},
  Title     = {Rich feature hierarchies for accurate object detection and semantic segmentation},
  Booktitle = cvpr,
  Year      = {2014},
}
@inproceedings{girs15,
  Author    = {Girshick, R.},
  Title     = {Fast {R-CNN}},
  Booktitle = iccv,
  Year      = {2015},
}
@InProceedings{ren15,
  title     = {Faster {R-CNN}: Towards Real-Time Object Detection with Region Proposal Networks},
  author    = {Ren, S. and He, K. and Girshick, R. and Sun, J.},
  booktitle = nips,
  year      = {2015},
} %NIPS2015_5638 url = {http://papers.nips.cc/paper/5638-faster-r-cnn-towards-real-time-object-detection-with-region-proposal-networks.pdf}, editor = {C. Cortes and N. D. Lawrence and D. D. Lee and M. Sugiyama and R. Garnett},  publisher = {Curran Associates, Inc.}, pages = {91--99},
@article{ren16,
  title     = {Faster {R-CNN}: Towards Real-Time Object Detection with Region Proposal Networks},
  author    = {Ren, S. and He, K. and Girshick, R. and Sun, J.},
  journal   = pami,
  volume    = {39},
  number    = {6},
  pages     = {1137--1149},
  year      = {2017},
}
@InProceedings{redm16,
  author    = {Redmon, J. and Divvala, S. and Girshick, R. and Farhadi, A.}, 
  title     = {{You Only Look Once}: Unified, Real-Time Object Detection}, 
  booktitle = cvpr, 
  year      = {2016}, 
  memo      = {画像をグリッド分けして同時にクラス分類，BB，信頼度を予測することで高速に物体検出をすることが可能．FastRCNNより精度は劣るが，100倍高速(URL:http://pjreddie.com/darknet/yolo/)},
}%  pages     = {779--788}, 
@InProceedings{redm17,
  author    = {Redmon, J. and Farhadi, A.}, 
  title     = {{YOLO9000}: Better, Faster, Stronger}, 
  booktitle = cvpr,
  year      = {2017},
}
@InProceedings{liu16,
  author    = {Liu, W. and Anguelov, D. and Erhan, D. and Szegedy, C. and Reed, S. and Fu, C. Y. and Berg, A. C.}, 
  title     = {{SSD}: Single Shot MultiBox Detector}, 
  booktitle = eccv, 
  year      = {2016}, 
  memo      = {fasterRCNNの2段階処理(RPN,識別)を同時に行うことで高速な物体検出を可能に．また，FRCNNのアンカーを深さの異なる複数のfeaturemapに適用することで，YOLOよりも高速高精度な物体検出を可能にした.},
}

%~~~~~~~~~~~~~~%
% segmentation %
%~~~~~~~~~~~~~~%
@article{felz10,
  author    = {Felzenszwalb, P. and Girshick, R. and McAllester, D. and Ramanan, D.},
  title     = {Object Detection with Discriminatively Trained Part-Based Models},
  journal   = pami,
  year      = {2010},
}
@InProceedings{shim15,
  author    = {Shimoda, W. and Yanai, K.},
  title     = {{CNN}-based food image segmentation},
  booktitle = madima,
  year      = {2015},
}
@inproceedings{shim15_1,
  author    = {Shimoda, W. and Yanai, K.},
  title     = {{CNN}-Based Food Image Segmentation Without Pixel-Wise Annotation},
  booktitle = iciap,
  year      = {2015},
}
@inproceedings{shim16,
  author    = {Shimoda, W. and Yanai, K.},
  title     = {Foodness Proposal for Multiple Food Detection by Training of Single Food Images},
  booktitle = madima,
  year      = {2016},
 } 
@inproceedings{deha16,
  author    = {Dehais, J. and Anthimopoulos, M. and Mougiakakou, S.},
  title     = {Food Image Segmentation for Dietary Assessment},
  booktitle = madima,
  year      = {2016},
}
@inproceedings{kaim17,
  author    = {He, K. and Gkioxari, G. and Doll\'{a}r, P. and Girshick, R.},
  title     = {Mask {R-CNN}},
  booktitle = iccv,
  year      = {2017},
}


%~~~~~~~~~~~~~~~~%
% multi task cnn %
%~~~~~~~~~~~~~~~~%
@article{abra15,
  title     = {Multi-task {CNN} model for attribute prediction},
  author    = {Abdulnabi, A. H. and Wang, G. and Lu, J. and Jia, K.},
  journal   = {{IEEE} Transactions on Multimedia},
  year      = {2015},
  volume    = {17},
  number    = {11},  
  pages     = {1949--1959},
}% volume={17},number={11},  publisher={IEEE}

%~~~~~~~~~~~~~~~~~~~~~%
% embedding vector    %
%~~~~~~~~~~~~~~~~~~~~~%
@InProceedings{simo16,
  author     = {Simo-Serra, E. and Ishikawa, H.},
  title      = {Fashion Style in 128 Floats: Joint Ranking and Classification using Weak Data for Feature Extraction},
  booktitle  = cvpr,
  pages      = {298--307},
  year       = {2016},
}
@InProceedings{wang14,
  author     = {Wang, J. and Song, Y. and Leung, T. and Rosenberg, C. and Wang, J. and Philbin, J. and Chen, B. and Wu, Y.},
  title      = {Learning Fine-grained Image Similarity with Deep Ranking},
  booktitle  = cvpr,
  year       = {2014},
}
@InProceedings{brom94,
  author     = {Bromley, J. and Guyon, I. and Sckinger, E. and Shah, R.},
  title      = {Signature Verification using a Siamese Time Delay Neural Network},
  booktitle  = nips,
  year       = {1994},
}
@InProceedings{shim17_bigmm,
  author    = {Shimoda, W. and Yanai, K.},
  title     = {Learning Food Image Similarity for Food Image Retrieval},
  booktitle = {Proc. of International Conference on Multimedia Big Data ({BIGMM})},
  year      = {2017},
}

%~~~~~~~~~~~~~~~~~~~~%
% calorie estimation %
%~~~~~~~~~~~~~~~~~~~~%

%InProceedings{okam16,
%  author="Okamoto, K. and Yanai, K.", 
%  title="An Automatic Calorie Estimation System of Food Images on a Smartphone 
%  booktitle=madima,
%  year="2016" 
%}
@InProceedings{okam16,
  author     = {Okamoto, K. and Yanai, K.},
  title      = {An Automatic Calorie Estimation System of Food Images on a Smartphone},
  booktitle  = madima,
  year       = {2016},
  memo       = {岡元君の修論．カロリー推定アプリ.},
}
@InProceedings{岡元16,
  author     = "岡元 晃一 and 柳井 啓司",
  title      = "スマートフォンによる食事画像からの自動カロリー量推定システム",
  booktitle  = "電子情報通信学会 食メディア研究会",
  year       = "2016",
  memo       = "修士論文　基準物体と共に撮影することで食品のカロリー量を推定できる"
}
@InProceedings{miya11j,
  author     = "宮崎達也 and デシルヴァ and ガムヘワゲチャミンダ and 相澤清晴",
  title      = "食事画像からのカロリー推定 -複数の低次特徴に基づく辞書照合と重回帰分析によるアプローチ",
  booktitle  = "画像の認識・理解シンポジウム(MIRU2011)",
  year       = "2011",
  pages      = "170--176",
}
@InProceedings{miya11,
  author     = "Miyazaki, T. and Chaminda, G. and Silva, D. and Aizawa, K.",
  title      = "{Image‐based} Calorie Content Estimation for Dietary Assessment",
  booktitle  = "Proc. of IEEE ISM Workshop on Multimedia for Cooking and Eating Activities",
  year       = "2011",
  pages      = {363--368},
}
@InProceedings{meye15,
  author     = {Myers, A. and Johnston, N. and Rathod, V. and Korattikara, A. and Gorban, A. and Silberman, N. and Guadarrama, S. and Papandreou, G. and Huang, J. and Murphy, P. K.},
  title      = {Im2Calories: towards an automated mobile vision food diary},
  booktitle  = iccv,
  year       = {2015},
  pages      = {1233--1241},
}
@InProceedings{ege17_mva,
author    = {Ege, T. and Yanai, K},
title     = {Simultaneous Estimation of Food Categories and Calories with Multi-task CNN},
booktitle = mva,
year      = {2017},
}
@InProceedings{ege18_madima,
author    = {Ege, T. and Yanai, K},
title     = {Multi-task Learning of Dish Detection and Calorie Estimation},
booktitle = madima,
year      = {2018},
}
@InProceedings{ege18-ieice,
author    = {Ege, T. and Yanai, K},
title     = {Image-Based Food Calorie Estimation Using Recipe Information},
booktitle = {IEICE Transactions on Information and Systems},
volume    = {E101-D},
number    = {5},
pages     = {1333--1342},
year      = {2018},
}
@InProceedings{ege18-ieicej,
author    = {Ege, T. and Shimoda, W and Yanai, K},
title     = {Image-search-based Food Calorie Estimation with {CNN} Feature Learning},
booktitle = {IEICE Transactions on Information and Systems},
volume    = {J101-D},
number    = {8},
pages     = {1099--1109},
year      = {2018},
}
@InProceedings{kong12,
author    = {Kong, F. and Tan, J.},
title     = {DietCam: Automatic dietary assessment with mobile camera phones},
booktitle = {Proc. of Pervasive and Mobile Computing},
volume    = {8},
number    = {1},
pages     = {147--163}, 
year      = {2012},
}
@InProceedings{chen12,
author    = {Chen, M. and Yang, Y. and Ho, C. and Wang, S. and Liu, E. and Chang, E. and Yeh, C. and Ouhyoung, M.},
title     = {Automatic Chinese Food Identification and Quantity Estimation},
booktitle = {Proc. of SIGGRAPH Asia Technical Briefs},
pages     = {1--4}, 
year      = {2012},
}
@InProceedings{poul14,
author    = {Pouladzadeh, P. and Shirmohammadi, S. and Almaghrabi, R.},
title     = {Measuring calorie and nutrition from food image},
booktitle = {IEEE Transactions on Instrumentation and Measurement},
pages     = {1947--1956},
year      = {2014},
}



%~~~~~~~~~~~~~~~~~~~~%
%  food recognition  %
%~~~~~~~~~~~~~~~~~~~~%
@InProceedings{chen16,
  Author     = {Chen, J. and Ngo, C. W.},
  Title      = {Deep-based Ingredient Recognition for Cooking Recipe Retrival},
  booktitle    = acmmm,
  Year       = {2016},
}
@inproceedings{kawa15,
  author     = {Yanai, K. and Kawano, Y},
  title      = {Food image recognition using deep convolutional network with pre-training and fine-tuning},
  booktitle  = icme,
  year       = {2015},
}
@Article{kawa14,
  author     = {Kawano, Y. and Yanai, K.},
  title      = {{FoodCam}: A Real-time Food Recognition System on a Smartphone},
  journal    = {Multimedia Tools and Applications},
  year       = {2014},
}
@InProceedings{kawa14c,
 author      = {Kawano, Y. and Yanai, K.},
 title       = {Automatic Expansion of a Food Image Dataset Leveraging Existing Categories with Domain Adaptation},
 booktitle   = {Proc. of ECCV Workshop on Transferring and Adapting Source Knowledge in Computer Vision (TASK-CV)},
 year        = {2014},
}
@InProceedings{mats12,
  author     = {Matsuda, Y. and Yanai, K.}, 
  title      = {Multiple-Food Recognition Considering Co-occurrence Employing Manifold Ranking}, 
  booktitle  = icpr,
  year       = {2012},
  memo       = {Manifoldrankingを用いた共起性を考慮した複数品食事認識の再ランキング.},
}
@InProceedings{mats12_j,
  author     = "Hoashi, H. and Matsuda, Y. and Yanai, K.", 
  title      = "候補領域推定による複数品目に対応した食事画像認識", 
  booktitle  = "ieiced",
  year       = "2012" 
}%   volume = "J95-D",pages = "1554--1564",
@inproceedings{mats12_2,
  author     = {Matsuda, Y. and Hajime, H. and Yanai, K.},
  title      = {Recognition of Multiple-Food Images by Detecting Candidate Regions},
  booktitle  = icme,
  year       = {2012},
  pages      = {25--30},
} 
@InProceedings{tann16,
  author     = {Tanno, R. and Okamoto, K. and Yanai, K.},
  title      = {DeepFoodCam: A DCNN-based Real-time Mobile Food Recognition System},
  booktitle  = madima,
  year       = {2016},
}
@InProceedings{deha16_2,
  author     = {Dehais, J. and Anthimopoulos, M. and Mougiakakou, S.},
  title      = {GoCARB: A Smartphone Application for Automatic Assessment of Carbohydrate Intake},
  booktitle  = madima,
  year       = {2016},
}
@InProceedings{bett15,
  author     = {Bettadapura, V. and Thomaz, E. and Parnami, A. and Abowd, D. G. and Essa, A.},
  title      = {Leveraging context to support automated food recognition in restaurant},
  booktitle  = {Proc. of the 2015 IEEE Winter Conference on Applications of Computer Vision (WACV)},	
  year       = {2015},
}%pages      = {580--587}
@Inproceedings{boss14,
  author     = {Bossard, L. and Guillaumin, M. and Van Gool, L.},
  title      = {Food-101 -- Mining Discriminative Components with Random Forests},
  booktitle  = eccv,
  year       = {2014},
}%pages      = {446--461}
@inproceedings{mart16,
  author    = {Martinel, N. and Foresti, G. L. and Micheloni, C.},
  title     = {Wide-Slice Residual Networks for Food Recognition},
  booktitle = {arXiv preprint arXiv:1612.06543},
  year      = {2016},
}
@InProceedings{salv17,
  author={Salvador, A. and Hynes, N. and Aytar, Y. and Marin, J. and Ofli, F. and Weber, I. and Torralba, A.}, 
  title={Learning Cross-modal Embeddings for Cooking Recipes and Food Images}, 
  booktitle=cvpr, 
  year={2017},
}


%~~~~~~~~~~~~~~~~~~~~~~~~~~~~~~~~~~~~~~~~~~~~~~~~
%~~~~~~~~~~~~~~~~~~~~~~~~~~~~~~~~~~~~~~~~~~~~~~~~
@inproceedings{Wata,
  title={Jasmine: a real-time local-event detection system based on geolocation information propagated to microblogs},
  author="Watanabe, K. and Ochi, M. and Okabe, M. and Onai, R.",
  booktitle={Proc. of the 20th ACM international conference on Information and knowledge management},
  pages={2541--2544},
  year={2011}
}

@InProceedings{Serd,
  author="Serdyukov, P. and Murdock, V. and Zwol, R. v.", 
  title="Placing Flickr Photos on a Map", 
  booktitle=sigir, 
  year="2009" 
}

@InProceedings{Hays,
  author="Kalogerakis, E. and Vesselova, O. and Hays, J. and Efros, A. A.  and Hertzmann, A.", 
  title="Image Sequence Geolocation with Human Travel Priors", 
  booktitle=iccv, 
  year="2009"
}

@InProceedings{nis06,
  author="Nister, D. and Stewenius, H.",
  title="Scalable Recognition with a Vocabulary Tree",
  booktitle=cvpr,
  year="2006"
}
