@string{cviu = "Computer Vision and Image Understanding"}
@string{pami = "IEEE Transactions on Pattern Analysis and Machine Intelligence"}
@string{ijcv = "International Journal of Computer Vision"}
@string{nips = "Thirty-second Conference on Neural Information Processing Systems"}
@string{acmmm = "Proc.of ACM International Conference Multimedia"}
@string{sigir = "Proc.of ACM SIGIR Conference on Research and Development in Information Retrieval"}
@string{iccv = "Proc.of IEEE International Conference on Computer Vision"}
@string{cvpr = "Proc.of IEEE Computer Vision and Pattern Recognition"}
@string{iros = "Proc.of IEEE/RSJ International Conference on Intelligent Robots and Systems (IROS)"}
@string{eccv = "Proc.of European Conference on Computer Vision"}
@string{mir = "Proc.of ACM SIGMM International Workshop on Multimedia Information Retrieval"}
@string{civr = "Proc.of ACM International Conference on Image and Video Retrieval"}

@InProceedings{dog01, 
  author={Komori,Y. and Fujieda,T. and Ohno,K. and Suzuki,T. and Tadokoro,S.},
  title={Detection of Continuous Barking Actions from Search and Rescue Dogs' Activities Data},
  booktitle={hoge},
  journal=iros,
  year={2015},
  pages={630--635}
}

@InProceedings{whoretthedog,
  author={Ehsani,K. and Bagherinezhad,H. and Redmon,J. and Mottaghi,R. and Farhadi,A.},
  title={Who Let The Dogs Out? Modeling Dog Behavior From Visual Data},
  year={2018},
  journal=cvpr,
}

@InProceedings{yumi2014first,
      author={Y,Iwashita. and A,Takamine. and R,Kurazume. and M. S. Ryoo.},
      title={First-Person Animal Activity Recognition from Egocentric Videos},
      booktitle={Proc.of International Conference on Pattern Recognition (ICPR)},
      year={2014},
      month={August},
      address={Stockholm, Sweden}
} 

@report{soundnet,
  author={Yusuf Aytar, Carl Vondrick, Antonio Torralba},
  title={SoundNet: Learning Sound Representations from Unlabeled Video}, 
  journal=nips,
  year={2016},
}