@string{cviu = "Computer Vision and Image Understanding"}
@string{pami = "IEEE Transactions on Pattern Analysis and Machine Intelligence"}
@string{ijcv = "International Journal of Computer Vision"}
@string{jsai = "人工知能学会論文誌"}
@string{ieiced = "電子情報通信学会論文誌 D"}
@strirg{ieiced1 = "電子情報通信学会論文誌 D-I"}
@string{ieiced2 = "電子情報通信学会論文誌 D-II"}
@string{ieicee = "IEICE Transactions on Information and Systems"}
@string{ipsj = "情報処理学会論文誌"}
@string{cvim = "情報処理学会論文誌:コンピュータビジョン・イメージメディア"}
@string{acmmm = "Proc.of ACM International Conference Multimedia"}
@string{sigir = "Proc.of ACM SIGIR Conference on Research and Development in Information Retrieval"}
@string{iccv = "Proc.of IEEE International Conference on Computer Vision"}
@string{cvpr = "Proc.of IEEE Computer Vision and Pattern Recognition"}
@string{eccv = "Proc.of European Conference on Computer Vision"}
@string{mir = "Proc.of ACM SIGMM International Workshop on Multimedia Information Retrieval"}
@string{civr = "Proc.of ACM International Conference on Image and Video Retrieval"}

@article{dog01, 
  author="Yuichi Komori, Takuaki Fujieda, Kazunori Ohno, Takahiro Suzuki, Satoshi Tadokoro",
  title="Detection of Continuous Barking Actions from Search and Rescue Dogs' Activities Data",
  journal="International Conference on Intelligent Robots and Systems",
  pages="630--635",
  year=2015}

@inproceedings{yumi2014first,
      title={First-Person Animal Activity Recognition from Egocentric Videos},
      author={Y. Iwashita and A. Takamine and R. Kurazume and M. S. Ryoo},
      booktitle={International Conference on Pattern Recognition (ICPR)},
      year={2014},
      month={August},
      address={Stockholm, Sweden},
} 
